<record><leader>00000cas a2200000 a 4500</leader><controlfield tag="001">40561606</controlfield><controlfield tag="008">981231d19211922fluwr ne      0    0eng c</controlfield><datafield ind1=" " ind2=" " tag="010"><subfield code="a">sn 98026445 </subfield></datafield><datafield ind1=" " ind2=" " tag="040"><subfield code="a">FUG</subfield><subfield code="b">eng</subfield><subfield code="c">FUG</subfield><subfield code="d">OCLCQ</subfield><subfield code="d">OCLCF</subfield><subfield code="d">OCLCO</subfield></datafield><datafield ind1="1" ind2=" " tag="029"><subfield code="a">AU@</subfield><subfield code="b">000014503221</subfield></datafield><datafield ind1=" " ind2=" " tag="042"><subfield code="a">pcc</subfield></datafield><datafield ind1=" " ind2=" " tag="043"><subfield code="a">n-us-fl</subfield></datafield><datafield ind1="0" ind2=" " tag="130"><subfield code="a">South Lake press (Clermont, Fla. : 1921)</subfield></datafield><datafield ind1="1" ind2="0" tag="245"><subfield code="a">South Lake press.</subfield></datafield><datafield ind1=" " ind2=" " tag="260"><subfield code="a">Clermont, Fla. :</subfield><subfield code="b">John C. and Don M. Lochner,</subfield><subfield code="c">1921-1922.</subfield></datafield><datafield ind1=" " ind2=" " tag="300"><subfield code="a">2 v. :</subfield><subfield code="b">ill.</subfield></datafield><datafield ind1=" " ind2=" " tag="310"><subfield code="a">Weekly</subfield></datafield><datafield ind1="0" ind2=" " tag="362"><subfield code="a">Vol. 1, no. 1 (Oct. 6, 1921)-v. 9, no. 18 (Apr. 20, 1922).</subfield></datafield><datafield ind1=" " ind2=" " tag="515"><subfield code="a">Continued enumeration of the Clermont clarion with Nov. 3, 1921 issue.</subfield></datafield><datafield ind1=" " ind2="0" tag="651"><subfield code="a">Clermont (Fla.)</subfield><subfield code="v">Newspapers.</subfield></datafield><datafield ind1=" " ind2="0" tag="651"><subfield code="a">Lake County (Fla.)</subfield><subfield code="v">Newspapers.</subfield></datafield><datafield ind1=" " ind2="7" tag="655"><subfield code="a">Newspapers.</subfield><subfield code="2">fast</subfield><subfield code="0">(OCoLC)fst01423814</subfield></datafield><datafield ind1=" " ind2="7" tag="651"><subfield code="a">Florida</subfield><subfield code="z">Clermont.</subfield><subfield code="2">fast</subfield><subfield code="0">(OCoLC)fst01215623</subfield></datafield><datafield ind1=" " ind2="7" tag="651"><subfield code="a">Florida</subfield><subfield code="z">Lake County.</subfield><subfield code="2">fast</subfield><subfield code="0">(OCoLC)fst01211152</subfield></datafield><datafield ind1=" " ind2=" " tag="752"><subfield code="a">United States</subfield><subfield code="b">Florida</subfield><subfield code="c">Lake</subfield><subfield code="d">Clermont.</subfield></datafield><datafield ind1="0" ind2="5" tag="780"><subfield code="t">Clermont clarion</subfield><subfield code="w">(DLC)sn 98026444</subfield></datafield><datafield ind1="0" ind2="0" tag="785"><subfield code="t">Clermont press</subfield><subfield code="w">(DLC)sn 83016275</subfield><subfield code="w">(OCoLC)2720131</subfield></datafield></record>